@misc{Java,
    title={Java Technology},
    howpublished={Web pages: \url{http://www.oracle.com/technetwork/java/}},
    url={http://www.oracle.com/technetwork/java/}
}

@book{HTML-CSS,
    author={Ben Frain},
    title={Responsive Web Design with HTML5 and CSS3},
    publisher={Packt Publishing},
    year={2012}
}

@article{JCINodesChord,
    author={Jacek Cichoń and Marek Klonowski and Łukasz Krzywiecki and Bartłomiej Różański and Paweł Zieliński},
    title={On the Number of Nodes and Their Distribution in Chord},
    year={2006}
}


@Article{4colorable,
  author    = {K. Appel and W. Haken.},
  title     = {Every planar map is four colorable},
  journal   = {Bulletin of the American Mathematical Society},
  publisher = {American Mathematical Society},
  year      = {1976},
  pages     = {711-712},
}

@Article{NP,
  author    = {Richard M. Karp },
  title     = {Reducibility Among Combinatorial Problems},
  journal   = {Complexity of Computer Computations},
  publisher = {Plenum Press, New York},
  year      = {1972},
  DOI       = {10.1007/978-1-4684-2001-2_9},
  pages     = {85-103}
}


@Article{brooks_1941,
 title={On colouring the nodes of a network},
 DOI={10.1017/S030500410002168X},
 journal={Mathematical Proceedings of the Cambridge Philosophical Society}, 
 publisher={Cambridge University Press}, 
 author={Brooks, R. L.}, 
 year={1941}, 
 pages={194-197}
 }


@article{LAWLER197666,
title = "A note on the complexity of the chromatic number problem",
journal = "Information Processing Letters",
volume = "5",
number = "3",
pages = "66 - 67",
year = "1976",
issn = "0020-0190",
doi = "https://doi.org/10.1016/0020-0190(76)90065-X",
url = "http://www.sciencedirect.com/science/article/pii/002001907690065X",
author = "E.L. Lawler",
keywords = "Graph, algorithm, chromatic number, complexity"
}

@article{Epp-JGAA-03,
  title = {{Small maximal independent sets and faster exact graph coloring}},
  author = {David Eppstein},
  eprint = {cs.DS/0011009},
  journal = {J. Graph Algorithms {\&} Applications},
  volume = {7},
  number = {2},
  pages = {131--140},
  year = {2003},
  note = {Special issue for WADS'01}
  }

  @article{byskov2002chromatic,
  title={Chromatic Number in Time O (2.4023\^{} n) Using Maximal Independent Sets},
  author={Byskov, Jesper Makholm},
  journal={BRICS Report Series},
  volume={9},
  number={45},
  year={2002}
}

@article{Brelaz,
author = {Brélaz, Daniel},
year = {1979},
month = {04},
pages = {251-256},
title = {New methods to color the vertices of a graph},
volume = {22},
journal = {Commun. ACM},
doi = {10.1145/359094.359101}
}

@book{Lewis,
 author = {Lewis, R.M. R.},
 title = {A Guide to Graph Colouring: Algorithms and Applications},
 year = {2015},
 isbn = {3319257285, 9783319257280},
 edition = {1st},
 publisher = {Springer Publishing Company, Incorporated},
} 

@article{SanSagundo,
author = {San Segundo, Pablo},
year = {2012},
month = {07},
pages = {1724-1733},
title = {A new DSATUR-based algorithm for exact vertex coloring},
volume = {39},
journal = {Computers & Operations Research},
doi = {10.1016/j.cor.2011.10.008}
}


@article{Sewell1993AIA,
  title={A. improved algorithm for exact graph coloring},
  author={Edward C. Sewell},
  booktitle={Cliques, Coloring, and Satisfiability},
  year={1993},
  volume = {26},
  pages = {359-373}
}

@article{furini,
  TITLE = {{An Improved DSATUR-Based Branch-and-Bound Algorithm for the Vertex Coloring Problem}},
  AUTHOR = {Furini, Fabio and Gabrel, Virginie and Ternier, Ian},
  URL = {https://hal.archives-ouvertes.fr/hal-01492047},
  JOURNAL = {{Networks}},
  VOLUME = {69},
  NUMBER = {1},
  YEAR = {2017},
  DOI = {10.1002/net.21716},
  KEYWORDS = {DSATUR ; Vertex Coloring Problem ; graph coloring ; branch-and-bound algorithm ; bounding technique ; computational experiments ; exact algorithm},
  HAL_ID = {hal-01492047},
  HAL_VERSION = {v1},
}

@article{Mehrotra,
author = {Mehrotra, Anuj and Trick, Michael},
year = {1995},
month = {09},
pages = {},
title = {A Column Generation Approach For Graph Coloring},
volume = {8},
journal = {INFORMS J Comput},
doi = {10.1287/ijoc.8.4.344}
}

@article{Gualandi,
title = {Exact Solution of Graph Coloring Problems via Constraint Programming and Column Generation},
author = {Gualandi, Stefano and Malucelli, Federico},
year = {2012},
journal = {INFORMS Journal on Computing},
volume = {24},
number = {1},
pages = {81-100}
}